<?xml version="1.0" encoding="UTF-8"?>
<record>
  <leader>00692nrm#a2200229#c#4500</leader>
  <controlfield tag="005">20210407181241.0</controlfield>
  <controlfield tag="007">zu</controlfield>
  <controlfield tag="008">990302|1998####xx#|||############g|####c</controlfield>
  <controlfield tag="003">DE-605</controlfield>
  <controlfield tag="001">990041403870206441</controlfield>
  <datafield tag="016" ind1="7" ind2=" ">
    <subfield code="a">1070982209</subfield>
    <subfield code="2">OCoLC</subfield>
  </datafield>
  <datafield tag="020" ind1=" " ind2=" ">
    <subfield code="a">3897051346</subfield>
    <subfield code="9">3-89705-134-6</subfield>
  </datafield>
  <datafield tag="035" ind1=" " ind2=" ">
    <subfield code="a">(DE-605)HT009965981</subfield>
  </datafield>
  <datafield tag="040" ind1=" " ind2=" ">
    <subfield code="a">5</subfield>
    <subfield code="b">ger</subfield>
    <subfield code="e">rakwb</subfield>
  </datafield>
  <datafield tag="245" ind1="0" ind2="0">
    <subfield code="a">Köln find' ich gut!</subfield>
    <subfield code="h">Spiel</subfield>
    <subfield code="b">ein Bilder-Suchspiel für die ganze Familie</subfield>
    <subfield code="c">von Heribert Stragholz</subfield>
  </datafield>
  <datafield tag="264" ind1=" " ind2="1">
    <subfield code="a">Köln</subfield>
    <subfield code="b">Emons</subfield>
    <subfield code="c">1998</subfield>
  </datafield>
  <datafield tag="300" ind1=" " ind2=" ">
    <subfield code="a">104 Spielkt. : Ill.</subfield>
    <subfield code="e">Begleith.</subfield>
  </datafield>
  <datafield tag="700" ind1="1" ind2=" ">
    <subfield code="a">Stragholz, Heribert</subfield>
    <subfield code="4">oth</subfield>
  </datafield>
  <datafield tag="964" ind1="0" ind2="s">
    <subfield code="F">030</subfield>
    <subfield code="A">a|1uc||||||37</subfield>
  </datafield>
  <datafield tag="964" ind1="0" ind2="s">
    <subfield code="F">050</subfield>
    <subfield code="A">|||||||||a||||</subfield>
  </datafield>
  <datafield tag="964" ind1="0" ind2="s">
    <subfield code="F">051</subfield>
    <subfield code="A">m|||||||</subfield>
  </datafield>
  <datafield tag="035" ind1=" " ind2=" ">
    <subfield code="a">(OCoLC)1070982209</subfield>
  </datafield>
  <datafield tag="MBD" ind1=" " ind2=" ">
    <subfield code="M">49HBZ_NETWORK</subfield>
    <subfield code="i">990041403870206441</subfield>
    <subfield code="n">HBZ Network</subfield>
  </datafield>
  <datafield tag="MBD" ind1=" " ind2=" ">
    <subfield code="M">49HBZ_ULB</subfield>
    <subfield code="i">991035434089706467</subfield>
    <subfield code="n">Universitaet Bonn</subfield>
  </datafield>
  <datafield tag="MBD" ind1=" " ind2=" ">
    <subfield code="M">49HBZ_UBK</subfield>
    <subfield code="i">991045123389706476</subfield>
    <subfield code="n">Universität Köln</subfield>
  </datafield>
  <datafield tag="MNG" ind1=" " ind2=" ">
    <subfield code="c">System</subfield>
    <subfield code="f">ILS</subfield>
    <subfield code="i">marc21</subfield>
    <subfield code="k">01</subfield>
    <subfield code="e">false</subfield>
    <subfield code="d">2021-04-07 18:12:41 Europe/Berlin</subfield>
    <subfield code="g">004140387-HBZ01</subfield>
    <subfield code="j">60</subfield>
    <subfield code="a">import</subfield>
    <subfield code="b">2021-04-05 16:14:32 Europe/Berlin</subfield>
  </datafield>
  <datafield tag="H52" ind1="#" ind2=" ">
    <subfield code="b">0</subfield>
    <subfield code="c">0-Speich</subfield>
    <subfield code="h">P 99/228</subfield>
    <subfield code="8">22218652070006467</subfield>
  </datafield>
  <datafield tag="HOL" ind1=" " ind2=" ">
    <subfield code="b">2023-07-24 06:30:01</subfield>
    <subfield code="8">22218652070006467</subfield>
    <subfield code="M">49HBZ_ULB</subfield>
    <subfield code="g">false</subfield>
    <subfield code="a">import</subfield>
  </datafield>
  <datafield tag="ITM" ind1=" " ind2=" ">
    <subfield code="H">22218652070006467</subfield>
    <subfield code="x">0-Speich</subfield>
    <subfield code="f">BOOK</subfield>
    <subfield code="v">0-Speich</subfield>
    <subfield code="X">AMO_TL2_FIX</subfield>
    <subfield code="U">2023-07-23 12:59:00 Europe/Berlin</subfield>
    <subfield code="Y">2023-07-25 08:01:39 Europe/Berlin</subfield>
    <subfield code="h">false</subfield>
    <subfield code="n">P 99/228</subfield>
    <subfield code="G">1</subfield>
    <subfield code="M">49HBZ_ULB</subfield>
    <subfield code="s">1</subfield>
    <subfield code="d">#</subfield>
    <subfield code="V">import</subfield>
    <subfield code="b">P99/228</subfield>
    <subfield code="O">SISIS-Ausleihzähler Migrationsjahr: 0 | SISIS-Ausleihzähler Vor-Migrationsjahr: 0 | SISIS-Ausleihzähler vorletztes Migrationsjahr: 0 | SISIS-Vormerkzähler Migrationsjahr: 0</subfield>
    <subfield code="N">SISIS-ULBSystematik: 0 | SISIS-Magazindrucker: 0 | SISIS-Fernleihkonditionen: 0 | SISIS-Medientyp: 0 | Sigel: 5 | SISIS-Entleihbarkeit: S | SISIS-Zweigstelle: 0</subfield>
    <subfield code="a">23218652060006467</subfield>
    <subfield code="c">P 99/228</subfield>
    <subfield code="W">2023-07-24 08:30:01 Europe/Berlin</subfield>
    <subfield code="u">0</subfield>
    <subfield code="w">0</subfield>
  </datafield>
  <datafield tag="H52" ind1=" " ind2=" ">
    <subfield code="b">38-HLS</subfield>
    <subfield code="c">38-HLS-MAG</subfield>
    <subfield code="8">22320523810006476</subfield>
  </datafield>
  <datafield tag="HOL" ind1=" " ind2=" ">
    <subfield code="b">2023-08-22 16:44:24</subfield>
    <subfield code="8">22320523810006476</subfield>
    <subfield code="M">49HBZ_UBK</subfield>
    <subfield code="g">false</subfield>
    <subfield code="a">import</subfield>
  </datafield>
  <datafield tag="ITM" ind1=" " ind2=" ">
    <subfield code="H">22320523810006476</subfield>
    <subfield code="x">38-HLS-MAG</subfield>
    <subfield code="f">RARE</subfield>
    <subfield code="v">38-HLS-MAG</subfield>
    <subfield code="p">L</subfield>
    <subfield code="X">AMO_HBZ_FIX</subfield>
    <subfield code="U">2023-08-21 12:59:00 Europe/Berlin</subfield>
    <subfield code="Y">2023-08-24 04:52:25 Europe/Berlin</subfield>
    <subfield code="h">false</subfield>
    <subfield code="n">11M1706</subfield>
    <subfield code="G">1</subfield>
    <subfield code="M">49HBZ_UBK</subfield>
    <subfield code="s">1</subfield>
    <subfield code="d">#</subfield>
    <subfield code="V">import</subfield>
    <subfield code="b">11M1706</subfield>
    <subfield code="O">HBZ01: HT009965981 | Aufnahmedatum: 2006-10-05 | Klassifikation: 0</subfield>
    <subfield code="a">23320523800006476</subfield>
    <subfield code="W">2023-08-22 18:44:24 Europe/Berlin</subfield>
    <subfield code="u">38-HLS</subfield>
    <subfield code="w">38-HLS</subfield>
  </datafield>
</record>
